@online{clase_t3_1,
	author = {M. Isabel Hartillo Hermoso, M.Cruz López de los Mozos Martín},
	title = {Optimización Restringida. Programación Lineal: Conceptos Básico},
	year = {2019},	
	url = {https://learn-eu-central-1-prod-fleet01-xythos.s3-eu-central-1.amazonaws.com/5ac734ed505df/3333233?response-content-disposition=inline%3B%20filename%2A%3DUTF-8%27%27Simplex-parte1-2019.pdf&response-content-type=application%2Fpdf&X-Amz-Algorithm=AWS4-HMAC-SHA256&X-Amz-Date=20190510T140257Z&X-Amz-SignedHeaders=host&X-Amz-Expires=21600&X-Amz-Credential=AKIAIZ3QX2YUHH4EOO3A%2F20190510%2Feu-central-1%2Fs3%2Faws4_request&X-Amz-Signature=875b8a0324d2fcdd77478d36d7c10bcaf6f306b2edada302e12bb39ffec7c638}
}

@online{metodohungaroblogspot,
	author = {inves.op.ittol},
	title = {El método húngaro},
	year = {2016},	
	url = {https://inves-op-ittol.blogspot.com/2016/05/metodo-hungaro_25.html}
}

@online{wikipediaAsignacion,
	author = {Wikipedia},
	title = {Problema de la asignación},
	year = {2016},	
	url = {https://es.wikipedia.org/wiki/Problema_de_la_asignaci%C3%B3n#Ejemplo_2:_Soluci%C3%B3n_por_el_M%C3%A9todo_H%C3%BAngaro}
}

@online{sageweb,
	author = {SageMath Project},
	title = {SageMath - Open-Sorce Mathematics Software},
	year = {2019},	
	url = {https://www.sagemath.org/}
}

@online{pythonweb,
	author = {Python Software Foundation},
	title = {Welcome to Python},
	year = {2019},	
	url = {https://www.python.org/
}





